

@misc{Kotlin,
  author = {{Lê Văn Tuấn}},
  title = {Tìm Hiểu Về Kotlin},
   urldate = {2022-07-25},
   url = {https://viblo.asia/p/tim-hieu-ve-kotlin-ByEZkLoqlQ0}
}

@misc{SpringBoot,
  title = {Lợi ích và hạn chế của việc sử dụng Spring Boot},
   urldate = {2022-07-25},
   url = {https://hocspringboot.net/2021/09/25/loi-ich-va-han-che-cua-viec-su-dung-spring-boot}
}

@misc{Compose,
 author = {Lê Văn Tuấn},
  title = {Why adopt Compose},
   urldate = {2022-07-25},
   url = {https://developer.android.com/jetpack/compose/why-adopt}
}

@misc{Coroutines,
 author = {Coroutines},
  title = {Improve app performance with Kotlin coroutines },
   urldate = {2022-07-25},
   url = {https://developer.android.com/kotlin/coroutines/coroutines-adv}
}

@misc{Hilt1,
 author = {Vũ Thanh},
  title = {DEPENDENCY INJECTION VỚI HILT},
  urldate = {2022-07-25},
   url = {https://2kvn.com/dependency-injection-voi-hilt-p5f31303233}
}

@misc{Hilt2,
 author = {Nguyễn Mạnh Đức},
  title = {Tìm hiểu về Dagger Hilt},
  urldate = {2022-07-25},
   url = {https://viblo.asia/p/tim-hieu-ve-dagger-hilt-gDVK2LzwlLj}
}

@misc{Retrofit1,
 author = {Đông Tùng},
  title = {Retrofit trong Android là gì? Tìm hiểu chi tiết về Retrofit},
  urldate = {2022-07-25},
   url = {https://wiki.tino.org/retrofit-trong-android/}
}
@misc{Retrofit2,
 author = { Nguyễn Tuấn Anh},
  title = {[Android] Có thể bạn chưa biết - Retrofit},
  urldate = {2022-07-25},
   url = {https://viblo.asia/p/android-co-the-ban-chua-biet-retrofit-924lJxG0KPM#_retrofit-2}
}

@misc{Retrofit3,
 author = {},
  title = {Retrofit là gì? Những kiến thức cần nắm về Retrofit trong Android},
  urldate = {2022-07-25},
   url = {https://topdev.vn/blog/retrofit-trong-android/#su-dung-retrofit}
}

@misc{Retrofit4,
 author = {},
  title = { Tìm hiểu thư viện Retrofit},
  urldate = {2022-07-25},
   url = {https://vncoder.vn/bai-viet/android-tim-hieu-thu-vien-retrofit}
}

@misc{Jwt1,
 author = { Trần Vương Minh},
  title = {Tìm hiểu về json web token (JWT)},
  urldate = {2022-07-25},
   url = {https://viblo.asia/p/tim-hieu-ve-json-web-token-jwt-7rVRqp73v4bP}
}

@misc{Jwt2,
 author = {},
  title = {JWT là gì? khái niệm về json web token},
  urldate = {2022-07-25},
   url = {https://thuannhat.com.vn/jwt-la-gi-khai-niem-ve-json-web-token/}
}

@misc{Docker,

  title = {Tìm hiểu về Docker, các ưu điểm và kiến trúc của Docker},
  urldate = {2022-07-25},
   url = {https://stanford.com.vn/dao-tao/tin-chi-tiet/cagId/27/id/24595/tim-hieu-ve-docker-cac-uu-diem-va-kien-truc-cua-docker}
}


@misc{Minio,
author = {Đỗ Văn Nam},
  title = {Multi-Cloud Object Storage},
  urldate = {2022-07-26},
   url = {https://min.io/}
}


@misc{Azure,

  title = {Azure là gì? Lập trình viên khai thác được gì từ Azure},
  urldate = {2022-07-26},
   url = {https://itnavi.com.vn/blog/microsoft-azure-giai-phap-dien-toan-dam-may-toi-uu-nhat-cho-doanh-nghiep-chuyen-doi-so}
}
@misc{Spring,
  title = {Tổng quan về Spring Framework},
  urldate = {2022-07-26},
   url = {https://viblo.asia/p/tong-quan-ve-spring-framework-YWOZryEyKQ0}
}

