@article{hovy1993automated,
  title={Automated discourse generation using discourse structure relations},
  author={Hovy, Eduard H},
  journal={Artificial intelligence},
  volume={63},
  number={1-2},
  pages={341--385},
  year={1993},
  publisher={Elsevier Science Publishers}
}

@book{peterson2007computer,
  title={Computer networks: a systems approach},
  author={Peterson, Larry L and Davie, Bruce S},
  year={2007},
  publisher={Elsevier}
}

@book{NguyenThucHai,
  title={Mạng máy tính và các hệ thống mở},
  author={Nguyễn Thúc Hải},
  year={1999},
  publisher={Nhà xuất bản giáo dục}
}

@inproceedings{poesio2001discourse,
  title={Discourse structure and anaphoric accessibility},
  author={Poesio, Massimo and Di Eugenio, Barbara},
  booktitle={{ESSLLI} workshop on information structure, discourse structure and discourse semantics, Copenhagen, Denmark},
  pages={129--143},
  year={2001}
}

@phdthesis{knott1996data,
  author  = {Knott, Alistair},
  title   = {A data-driven methodology for motivating a set of coherence relations},
  school  = {The University of Edinburgh, {UK}},
  year    = {1996}
}

@misc{BernersTim,
  author = {Berners-Lee, Tim},
  title = {Hypertext Transfer Protocol ({HTTP})},
  url = {ftp:/info.cern.ch/pub/www/doc/http-spec.txt.Z},
  urldate = {2010-09-30}
}


@misc{LectureA,
  author = {{Princeton University}},
  title = {WordNet},
  urldate = {2010-09-30},
   url = {http://www.cogsci.princeton.edu/~wn/index.shtml}
}

@book{Swift,
  author = {{Apple}},
  title = {The Swift Programming Language},
   year = {2022-09-12},
   url = {https://books.apple.com/vn/book/the-swift-programming-language-swift-5-7/id881256329}
}
@book{Vapor,
  author = {{Logan Wright, Tim Condon & Tanner Nelson}},
  title = {Server-Side Swift with Vapor},
   urldate = {2023-03-06},
   url = {https://www.kodeco.com/books/server-side-swift-with-vapor/v3.0}
}

@misc{WebRTC,
  author = {{Dao Tuan Anh}},
  title = {Giới thiệu về WebRTC và hướng tiếp cận Media Server},
   urldate = {2023-03-06},
   url = {https://viblo.asia/p/gioi-thieu-ve-webrtc-va-huong-tiep-can-media-server-maGK7k3MKj2}
}

@misc{WebSocket,
  author = {{Vu Ngoc Anh}},
  title = {Sử dụng Socket để kết nối giữa iOS app và Web Server},
   urldate = {2023-03-06},
   url = {https://viblo.asia/p/su-dung-socket-de-ket-noi-giua-ios-app-va-web-server-K1ov164LR5b9}
}

@misc{PostgreSQL,
  author = {{Vapor}},
  title = {Fluent},
   urldate = {2023-03-06},
   url = {https://docs.vapor.codes/fluent/overview/}
}

@misc{MongoDB,
  author = {{Vapor}},
  title = {Fluent},
   urldate = {2023-03-06},
   url = {https://docs.vapor.codes/fluent/overview/}
}

@misc{Docker,
  author = {{Vapor}},
  title = {Docker Deploys},
   urldate = {2023-03-06},
   url = {https://docs.vapor.codes/deploy/docker/}
}

